<record><leader>00000cas a2200000 a 4500</leader><controlfield tag="001">8810830</controlfield><controlfield tag="008">820927d18251913meuwr ne      0   a0eng  </controlfield><datafield ind1=" " ind2=" " tag="010"><subfield code="a">sn 82014250 </subfield></datafield><datafield ind1=" " ind2=" " tag="040"><subfield code="a">DLC</subfield><subfield code="b">eng</subfield><subfield code="c">DLC</subfield><subfield code="d">NPX</subfield><subfield code="d">NPU</subfield><subfield code="d">NPY</subfield><subfield code="d">DLC</subfield><subfield code="d">YOX</subfield><subfield code="d">MGN</subfield><subfield code="d">CNK</subfield><subfield code="d">MGN</subfield><subfield code="d">MBN</subfield><subfield code="d">DLC</subfield><subfield code="d">MBN</subfield><subfield code="d">OCL</subfield><subfield code="d">NVF</subfield><subfield code="d">KRTAS</subfield><subfield code="d">DLC</subfield><subfield code="d">OCLCQ</subfield><subfield code="d">OCLCF</subfield></datafield><datafield ind1="1" ind2=" " tag="029"><subfield code="a">AU@</subfield><subfield code="b">000020129824</subfield></datafield><datafield ind1=" " ind2=" " tag="042"><subfield code="a">pcc</subfield></datafield><datafield ind1=" " ind2=" " tag="043"><subfield code="a">n-us-me</subfield></datafield><datafield ind1="0" ind2="0" tag="050"><subfield code="a">Newspaper</subfield></datafield><datafield ind1="0" ind2=" " tag="130"><subfield code="a">Kennebec journal (Augusta, Me. : 1825)</subfield></datafield><datafield ind1="1" ind2="0" tag="245"><subfield code="a">Kennebec journal.</subfield></datafield><datafield ind1=" " ind2=" " tag="260"><subfield code="a">Augusta, Me. :</subfield><subfield code="b">Eaton &amp; Severance,</subfield><subfield code="c">1825-1913.</subfield></datafield><datafield ind1=" " ind2=" " tag="300"><subfield code="a">v.</subfield></datafield><datafield ind1=" " ind2=" " tag="310"><subfield code="a">Weekly</subfield></datafield><datafield ind1="0" ind2=" " tag="362"><subfield code="a">Vol. 1, no. 1 (Jan. 8, 1825)-v. 78, no. 53 (Dec. 31, 1913).</subfield></datafield><datafield ind1=" " ind2=" " tag="500"><subfield code="a">Editors: W.H. Wheeler, 1850-&lt;1853&gt;; Stevens &amp; Blaine, &lt;1856&gt;-1857; Stevens &amp; Sayward, 1857-1868.</subfield></datafield><datafield ind1=" " ind2=" " tag="515"><subfield code="a">Issues for Feb. 7, 1894-Dec. 30, 1903 are numbered v. 69, no. 6-v. 78, no. 52; issues for Feb. 10, 1904-Dec. 24, 1913 also numbered v. 69, no. 6-v. 78, no. 52.</subfield></datafield><datafield ind1=" " ind2=" " tag="580"><subfield code="a">Triweekly eds.: Tri-weekly journal (Augusta, Me.), 1835-1840, and: Kennebec journal (Augusta, Me. : 1840), 1841-&lt;1864&gt;.</subfield></datafield><datafield ind1=" " ind2=" " tag="580"><subfield code="a">Daily eds.: Maine daily journal, 1832-&lt;1838&gt;, and: Kennebec journal (Augusta, Me. : 1864), &lt;1864-1876&gt;, and: Daily journal (Augusta, Me.), &lt;1868-1869&gt;, and: Daily Kennebec journal, 1870-1913.</subfield></datafield><datafield ind1=" " ind2="0" tag="651"><subfield code="a">Augusta (Me.)</subfield><subfield code="v">Newspapers.</subfield></datafield><datafield ind1=" " ind2="7" tag="655"><subfield code="a">Newspapers.</subfield><subfield code="2">fast</subfield><subfield code="0">(OCoLC)fst01423814</subfield></datafield><datafield ind1=" " ind2="7" tag="651"><subfield code="a">Maine</subfield><subfield code="z">Augusta.</subfield><subfield code="2">fast</subfield><subfield code="0">(OCoLC)fst01209573</subfield></datafield><datafield ind1=" " ind2=" " tag="752"><subfield code="a">United States</subfield><subfield code="b">Maine</subfield><subfield code="c">Kennebec</subfield><subfield code="d">Augusta.</subfield></datafield><datafield ind1="1" ind2=" " tag="775"><subfield code="t">Tri-weekly journal (Augusta, Me.)</subfield><subfield code="w">(DLC)sn 82015751</subfield></datafield><datafield ind1="1" ind2=" " tag="775"><subfield code="t">Kennebec journal (Augusta, Me. : 1840)</subfield><subfield code="w">(DLC)sn 82015755</subfield></datafield><datafield ind1="1" ind2=" " tag="775"><subfield code="t">Maine daily journal</subfield><subfield code="w">(DLC)sn 82015771</subfield></datafield><datafield ind1="1" ind2=" " tag="775"><subfield code="t">Kennebec journal (Augusta, Me. : 1864)</subfield><subfield code="w">(DLC)sn 83021229</subfield></datafield><datafield ind1="1" ind2=" " tag="775"><subfield code="t">Daily journal (Augusta, Me.)</subfield><subfield code="w">(DLC)sn 83021247</subfield></datafield><datafield ind1="1" ind2=" " tag="775"><subfield code="t">Daily Kennebec journal</subfield><subfield code="w">(DLC)sn 82014248</subfield></datafield><datafield ind1="0" ind2="5" tag="780"><subfield code="t">Hallowell advocate and free press</subfield></datafield><datafield ind1="0" ind2="5" tag="780"><subfield code="t">Waldo patriot</subfield><subfield code="w">(DLC)sn 90065009</subfield></datafield><datafield ind1=" " ind2=" " tag="938"><subfield code="a">Kirtas Technologies, Inc.</subfield><subfield code="b">KRTS</subfield><subfield code="n">736075</subfield></datafield></record>